<?xml version="1.0" encoding="UTF-8"?><collection xmlns="http://www.loc.gov/MARC21/slim"><record><leader>00336nam--2200121-i-4500</leader><controlfield tag="001">000022015</controlfield><controlfield tag="002">20161230</controlfield><controlfield tag="005">20161230201034</controlfield><controlfield tag="008">060222s1000------------r-----000-0-eng-d</controlfield><datafield ind1=" " ind2=" " tag="100"><subfield code="a">Harrison&lt; J.M., Parkes, G.D</subfield></datafield><datafield ind1=" " ind2=" " tag="245"><subfield code="a">Basic physical and inorganic chemistry</subfield></datafield><datafield ind1=" " ind2=" " tag="260"><subfield code="a">London, Longmans, Green And Co., 1962. Ix + 479 P</subfield></datafield><datafield ind1=" " ind2=" " tag="852"><subfield code="a">17287</subfield></datafield></record></collection>